%YAML 1.1
%TAG !u! tag:unity3d.com,2011:
--- !u!29 &1
OcclusionCullingSettings:
  m_ObjectHideFlags: 0
  serializedVersion: 2
  m_OcclusionBakeSettings:
    smallestOccluder: 5
    smallestHole: 0.25
    backfaceThreshold: 100
  m_SceneGUID: 00000000000000000000000000000000
  m_OcclusionCullingData: {fileID: 0}
--- !u!104 &2
RenderSettings:
  m_ObjectHideFlags: 0
  serializedVersion: 9
  m_Fog: 0
  m_FogColor: {r: 0.5, g: 0.5, b: 0.5, a: 1}
  m_FogMode: 3
  m_FogDensity: 0.01
  m_LinearFogStart: 0
  m_LinearFogEnd: 300
  m_AmbientSkyColor: {r: 0.212, g: 0.227, b: 0.259, a: 1}
  m_AmbientEquatorColor: {r: 0.114, g: 0.125, b: 0.133, a: 1}
  m_AmbientGroundColor: {r: 0.047, g: 0.043, b: 0.035, a: 1}
  m_AmbientIntensity: 1
  m_AmbientMode: 3
  m_SubtractiveShadowColor: {r: 0.42, g: 0.478, b: 0.627, a: 1}
  m_SkyboxMaterial: {fileID: 0}
  m_HaloStrength: 0.5
  m_FlareStrength: 1
  m_FlareFadeSpeed: 3
  m_HaloTexture: {fileID: 0}
  m_SpotCookie: {fileID: 10001, guid: 0000000000000000e000000000000000, type: 0}
  m_DefaultReflectionMode: 0
  m_DefaultReflectionResolution: 128
  m_ReflectionBounces: 1
  m_ReflectionIntensity: 1
  m_CustomReflection: {fileID: 0}
  m_Sun: {fileID: 0}
  m_IndirectSpecularColor: {r: 0, g: 0, b: 0, a: 1}
  m_UseRadianceAmbientProbe: 0
--- !u!157 &3
LightmapSettings:
  m_ObjectHideFlags: 0
  serializedVersion: 11
  m_GIWorkflowMode: 1
  m_GISettings:
    serializedVersion: 2
    m_BounceScale: 1
    m_IndirectOutputScale: 1
    m_AlbedoBoost: 1
    m_EnvironmentLightingMode: 0
    m_EnableBakedLightmaps: 0
    m_EnableRealtimeLightmaps: 0
  m_LightmapEditorSettings:
    serializedVersion: 12
    m_Resolution: 2
    m_BakeResolution: 40
    m_AtlasSize: 1024
    m_AO: 0
    m_AOMaxDistance: 1
    m_CompAOExponent: 1
    m_CompAOExponentDirect: 0
    m_ExtractAmbientOcclusion: 0
    m_Padding: 2
    m_LightmapParameters: {fileID: 0}
    m_LightmapsBakeMode: 1
    m_TextureCompression: 1
    m_FinalGather: 0
    m_FinalGatherFiltering: 1
    m_FinalGatherRayCount: 256
    m_ReflectionCompression: 2
    m_MixedBakeMode: 2
    m_BakeBackend: 1
    m_PVRSampling: 1
    m_PVRDirectSampleCount: 32
    m_PVRSampleCount: 512
    m_PVRBounces: 2
    m_PVREnvironmentSampleCount: 256
    m_PVREnvironmentReferencePointCount: 2048
    m_PVRFilteringMode: 1
    m_PVRDenoiserTypeDirect: 1
    m_PVRDenoiserTypeIndirect: 1
    m_PVRDenoiserTypeAO: 1
    m_PVRFilterTypeDirect: 0
    m_PVRFilterTypeIndirect: 0
    m_PVRFilterTypeAO: 0
    m_PVREnvironmentMIS: 1
    m_PVRCulling: 1
    m_PVRFilteringGaussRadiusDirect: 1
    m_PVRFilteringGaussRadiusIndirect: 5
    m_PVRFilteringGaussRadiusAO: 2
    m_PVRFilteringAtrousPositionSigmaDirect: 0.5
    m_PVRFilteringAtrousPositionSigmaIndirect: 2
    m_PVRFilteringAtrousPositionSigmaAO: 1
    m_ExportTrainingData: 0
    m_TrainingDataDestination: TrainingData
    m_LightProbeSampleCountMultiplier: 4
  m_LightingDataAsset: {fileID: 0}
  m_UseShadowmask: 1
--- !u!196 &4
NavMeshSettings:
  serializedVersion: 2
  m_ObjectHideFlags: 0
  m_BuildSettings:
    serializedVersion: 2
    agentTypeID: 0
    agentRadius: 0.5
    agentHeight: 2
    agentSlope: 45
    agentClimb: 0.4
    ledgeDropHeight: 0
    maxJumpAcrossDistance: 0
    minRegionArea: 2
    manualCellSize: 0
    cellSize: 0.16666667
    manualTileSize: 0
    tileSize: 256
    accuratePlacement: 0
    debug:
      m_Flags: 0
  m_NavMeshData: {fileID: 0}
--- !u!1 &558152315
GameObject:
  m_ObjectHideFlags: 0
  m_CorrespondingSourceObject: {fileID: 0}
  m_PrefabInstance: {fileID: 0}
  m_PrefabAsset: {fileID: 0}
  serializedVersion: 6
  m_Component:
  - component: {fileID: 558152318}
  - component: {fileID: 558152317}
  - component: {fileID: 558152316}
  m_Layer: 0
  m_Name: EventSystem
  m_TagString: Untagged
  m_Icon: {fileID: 0}
  m_NavMeshLayer: 0
  m_StaticEditorFlags: 0
  m_IsActive: 1
--- !u!114 &558152316
MonoBehaviour:
  m_ObjectHideFlags: 0
  m_CorrespondingSourceObject: {fileID: 0}
  m_PrefabInstance: {fileID: 0}
  m_PrefabAsset: {fileID: 0}
  m_GameObject: {fileID: 558152315}
  m_Enabled: 1
  m_EditorHideFlags: 0
  m_Script: {fileID: 11500000, guid: 4f231c4fb786f3946a6b90b886c48677, type: 3}
  m_Name: 
  m_EditorClassIdentifier: 
  m_HorizontalAxis: Horizontal
  m_VerticalAxis: Vertical
  m_SubmitButton: Submit
  m_CancelButton: Cancel
  m_InputActionsPerSecond: 10
  m_RepeatDelay: 0.5
  m_ForceModuleActive: 0
--- !u!114 &558152317
MonoBehaviour:
  m_ObjectHideFlags: 0
  m_CorrespondingSourceObject: {fileID: 0}
  m_PrefabInstance: {fileID: 0}
  m_PrefabAsset: {fileID: 0}
  m_GameObject: {fileID: 558152315}
  m_Enabled: 1
  m_EditorHideFlags: 0
  m_Script: {fileID: 11500000, guid: 76c392e42b5098c458856cdf6ecaaaa1, type: 3}
  m_Name: 
  m_EditorClassIdentifier: 
  m_FirstSelected: {fileID: 0}
  m_sendNavigationEvents: 1
  m_DragThreshold: 10
--- !u!4 &558152318
Transform:
  m_ObjectHideFlags: 0
  m_CorrespondingSourceObject: {fileID: 0}
  m_PrefabInstance: {fileID: 0}
  m_PrefabAsset: {fileID: 0}
  m_GameObject: {fileID: 558152315}
  m_LocalRotation: {x: 0, y: 0, z: 0, w: 1}
  m_LocalPosition: {x: 0, y: 0, z: 0}
  m_LocalScale: {x: 1, y: 1, z: 1}
  m_Children: []
  m_Father: {fileID: 0}
  m_RootOrder: 9
  m_LocalEulerAnglesHint: {x: 0, y: 0, z: 0}
--- !u!1 &579959928
GameObject:
  m_ObjectHideFlags: 0
  m_CorrespondingSourceObject: {fileID: 0}
  m_PrefabInstance: {fileID: 0}
  m_PrefabAsset: {fileID: 0}
  serializedVersion: 6
  m_Component:
  - component: {fileID: 579959932}
  - component: {fileID: 579959931}
  - component: {fileID: 579959930}
  - component: {fileID: 579959929}
  m_Layer: 0
  m_Name: zone1
  m_TagString: Untagged
  m_Icon: {fileID: 0}
  m_NavMeshLayer: 0
  m_StaticEditorFlags: 0
  m_IsActive: 1
--- !u!114 &579959929
MonoBehaviour:
  m_ObjectHideFlags: 0
  m_CorrespondingSourceObject: {fileID: 0}
  m_PrefabInstance: {fileID: 0}
  m_PrefabAsset: {fileID: 0}
  m_GameObject: {fileID: 579959928}
  m_Enabled: 1
  m_EditorHideFlags: 0
  m_Script: {fileID: 11500000, guid: 76cf8bc19dc3dc44bbb1d6da4db4f852, type: 3}
  m_Name: 
  m_EditorClassIdentifier: 
  name: yellow
  _BoxCollider2D: {fileID: 0}
  color: {r: 0, g: 0, b: 0, a: 0}
--- !u!61 &579959930
BoxCollider2D:
  m_ObjectHideFlags: 0
  m_CorrespondingSourceObject: {fileID: 0}
  m_PrefabInstance: {fileID: 0}
  m_PrefabAsset: {fileID: 0}
  m_GameObject: {fileID: 579959928}
  m_Enabled: 1
  m_Density: 1
  m_Material: {fileID: 0}
  m_IsTrigger: 0
  m_UsedByEffector: 0
  m_UsedByComposite: 0
  m_Offset: {x: 0, y: 0}
  m_SpriteTilingProperty:
    border: {x: 0, y: 0, z: 0, w: 0}
    pivot: {x: 0.5, y: 0.5}
    oldSize: {x: 1, y: 1}
    newSize: {x: 0.2, y: 0.2}
    adaptiveTilingThreshold: 0.5
    drawMode: 0
    adaptiveTiling: 0
  m_AutoTiling: 0
  serializedVersion: 2
  m_Size: {x: 1, y: 1}
  m_EdgeRadius: 0
--- !u!212 &579959931
SpriteRenderer:
  m_ObjectHideFlags: 0
  m_CorrespondingSourceObject: {fileID: 0}
  m_PrefabInstance: {fileID: 0}
  m_PrefabAsset: {fileID: 0}
  m_GameObject: {fileID: 579959928}
  m_Enabled: 1
  m_CastShadows: 0
  m_ReceiveShadows: 0
  m_DynamicOccludee: 1
  m_MotionVectors: 1
  m_LightProbeUsage: 1
  m_ReflectionProbeUsage: 1
  m_RayTracingMode: 0
  m_RenderingLayerMask: 1
  m_RendererPriority: 0
  m_Materials:
  - {fileID: 10754, guid: 0000000000000000f000000000000000, type: 0}
  m_StaticBatchInfo:
    firstSubMesh: 0
    subMeshCount: 0
  m_StaticBatchRoot: {fileID: 0}
  m_ProbeAnchor: {fileID: 0}
  m_LightProbeVolumeOverride: {fileID: 0}
  m_ScaleInLightmap: 1
  m_ReceiveGI: 1
  m_PreserveUVs: 0
  m_IgnoreNormalsForChartDetection: 0
  m_ImportantGI: 0
  m_StitchLightmapSeams: 1
  m_SelectedEditorRenderState: 0
  m_MinimumChartSize: 4
  m_AutoUVMaxDistance: 0.5
  m_AutoUVMaxAngle: 89
  m_LightmapParameters: {fileID: 0}
  m_SortingLayerID: 0
  m_SortingLayer: 0
  m_SortingOrder: 0
  m_Sprite: {fileID: 21300000, guid: c7886e838979f3344b02f3d01167c43c, type: 3}
  m_Color: {r: 1, g: 0.91161984, b: 0.16509432, a: 1}
  m_FlipX: 0
  m_FlipY: 0
  m_DrawMode: 0
  m_Size: {x: 0.2, y: 0.2}
  m_AdaptiveModeThreshold: 0.5
  m_SpriteTileMode: 0
  m_WasSpriteAssigned: 1
  m_MaskInteraction: 0
  m_SpriteSortPoint: 0
--- !u!4 &579959932
Transform:
  m_ObjectHideFlags: 0
  m_CorrespondingSourceObject: {fileID: 0}
  m_PrefabInstance: {fileID: 0}
  m_PrefabAsset: {fileID: 0}
  m_GameObject: {fileID: 579959928}
  m_LocalRotation: {x: 0, y: 0, z: 0, w: 1}
  m_LocalPosition: {x: 4.62, y: -1.81, z: 0}
  m_LocalScale: {x: 3.75, y: 2.25, z: 5}
  m_Children: []
  m_Father: {fileID: 0}
  m_RootOrder: 5
  m_LocalEulerAnglesHint: {x: 0, y: 0, z: 0}
--- !u!1 &695506344 stripped
GameObject:
  m_CorrespondingSourceObject: {fileID: 4037443578985484474, guid: 8c3770c8baf47c24ebd2efa57cd8e3bc,
    type: 3}
  m_PrefabInstance: {fileID: 4037443580134650352}
  m_PrefabAsset: {fileID: 0}
--- !u!1 &698344886
GameObject:
  m_ObjectHideFlags: 0
  m_CorrespondingSourceObject: {fileID: 0}
  m_PrefabInstance: {fileID: 0}
  m_PrefabAsset: {fileID: 0}
  serializedVersion: 6
  m_Component:
  - component: {fileID: 698344890}
  - component: {fileID: 698344889}
  - component: {fileID: 698344888}
  - component: {fileID: 698344887}
  m_Layer: 0
  m_Name: cloth1
  m_TagString: Untagged
  m_Icon: {fileID: 0}
  m_NavMeshLayer: 0
  m_StaticEditorFlags: 0
  m_IsActive: 1
--- !u!114 &698344887
MonoBehaviour:
  m_ObjectHideFlags: 0
  m_CorrespondingSourceObject: {fileID: 0}
  m_PrefabInstance: {fileID: 0}
  m_PrefabAsset: {fileID: 0}
  m_GameObject: {fileID: 698344886}
  m_Enabled: 1
  m_EditorHideFlags: 0
  m_Script: {fileID: 11500000, guid: fd84765772ca9d2469acf69356264e82, type: 3}
  m_Name: 
  m_EditorClassIdentifier: 
  color: {r: 0.9704269, g: 1, b: 0.20392156, a: 1}
  _Sprite: {fileID: 698344889}
  isChecked: 0
  name: yellow
--- !u!58 &698344888
CircleCollider2D:
  m_ObjectHideFlags: 0
  m_CorrespondingSourceObject: {fileID: 0}
  m_PrefabInstance: {fileID: 0}
  m_PrefabAsset: {fileID: 0}
  m_GameObject: {fileID: 698344886}
  m_Enabled: 1
  m_Density: 1
  m_Material: {fileID: 0}
  m_IsTrigger: 1
  m_UsedByEffector: 0
  m_UsedByComposite: 0
  m_Offset: {x: 0, y: 0}
  serializedVersion: 2
  m_Radius: 0.1
--- !u!212 &698344889
SpriteRenderer:
  m_ObjectHideFlags: 0
  m_CorrespondingSourceObject: {fileID: 0}
  m_PrefabInstance: {fileID: 0}
  m_PrefabAsset: {fileID: 0}
  m_GameObject: {fileID: 698344886}
  m_Enabled: 1
  m_CastShadows: 0
  m_ReceiveShadows: 0
  m_DynamicOccludee: 1
  m_MotionVectors: 1
  m_LightProbeUsage: 1
  m_ReflectionProbeUsage: 1
  m_RayTracingMode: 0
  m_RenderingLayerMask: 1
  m_RendererPriority: 0
  m_Materials:
  - {fileID: 10754, guid: 0000000000000000f000000000000000, type: 0}
  m_StaticBatchInfo:
    firstSubMesh: 0
    subMeshCount: 0
  m_StaticBatchRoot: {fileID: 0}
  m_ProbeAnchor: {fileID: 0}
  m_LightProbeVolumeOverride: {fileID: 0}
  m_ScaleInLightmap: 1
  m_ReceiveGI: 1
  m_PreserveUVs: 0
  m_IgnoreNormalsForChartDetection: 0
  m_ImportantGI: 0
  m_StitchLightmapSeams: 1
  m_SelectedEditorRenderState: 0
  m_MinimumChartSize: 4
  m_AutoUVMaxDistance: 0.5
  m_AutoUVMaxAngle: 89
  m_LightmapParameters: {fileID: 0}
  m_SortingLayerID: 0
  m_SortingLayer: 0
  m_SortingOrder: 0
  m_Sprite: {fileID: 10913, guid: 0000000000000000f000000000000000, type: 0}
  m_Color: {r: 1, g: 0.9951538, b: 0.25098038, a: 1}
  m_FlipX: 0
  m_FlipY: 0
  m_DrawMode: 0
  m_Size: {x: 0.2, y: 0.2}
  m_AdaptiveModeThreshold: 0.5
  m_SpriteTileMode: 0
  m_WasSpriteAssigned: 1
  m_MaskInteraction: 0
  m_SpriteSortPoint: 0
--- !u!4 &698344890
Transform:
  m_ObjectHideFlags: 0
  m_CorrespondingSourceObject: {fileID: 0}
  m_PrefabInstance: {fileID: 0}
  m_PrefabAsset: {fileID: 0}
  m_GameObject: {fileID: 698344886}
  m_LocalRotation: {x: 0, y: 0, z: 0, w: 1}
  m_LocalPosition: {x: -1.013, y: -1.14, z: -3.2058}
  m_LocalScale: {x: 2, y: 2, z: 2}
  m_Children: []
  m_Father: {fileID: 0}
  m_RootOrder: 4
  m_LocalEulerAnglesHint: {x: 0, y: 0, z: 0}
--- !u!1 &1022258595 stripped
GameObject:
  m_CorrespondingSourceObject: {fileID: 4067538295340413020, guid: 63c868acbe902d14a9fe45b70842db3e,
    type: 3}
  m_PrefabInstance: {fileID: 4067538295154695679}
  m_PrefabAsset: {fileID: 0}
--- !u!114 &1022258599 stripped
MonoBehaviour:
  m_CorrespondingSourceObject: {fileID: 4067538295340413016, guid: 63c868acbe902d14a9fe45b70842db3e,
    type: 3}
  m_PrefabInstance: {fileID: 4067538295154695679}
  m_PrefabAsset: {fileID: 0}
  m_GameObject: {fileID: 1022258595}
  m_Enabled: 1
  m_EditorHideFlags: 0
  m_Script: {fileID: 11500000, guid: 76cf8bc19dc3dc44bbb1d6da4db4f852, type: 3}
  m_Name: 
  m_EditorClassIdentifier: 
--- !u!114 &1347575256 stripped
MonoBehaviour:
  m_CorrespondingSourceObject: {fileID: 5225838526098194748, guid: 06188e2267bd11e4bbfdba9ddd8e6e29,
    type: 3}
  m_PrefabInstance: {fileID: 5225838527445474532}
  m_PrefabAsset: {fileID: 0}
  m_GameObject: {fileID: 0}
  m_Enabled: 1
  m_EditorHideFlags: 0
  m_Script: {fileID: 11500000, guid: 85eb223a01e618947b8ead0f1fcd624c, type: 3}
  m_Name: 
  m_EditorClassIdentifier: 
--- !u!114 &1563709416 stripped
MonoBehaviour:
  m_CorrespondingSourceObject: {fileID: 4037443578743438872, guid: 8c3770c8baf47c24ebd2efa57cd8e3bc,
    type: 3}
  m_PrefabInstance: {fileID: 4037443580134650352}
  m_PrefabAsset: {fileID: 0}
  m_GameObject: {fileID: 0}
  m_Enabled: 1
  m_EditorHideFlags: 0
  m_Script: {fileID: 11500000, guid: fe87c0e1cc204ed48ad3b37840f39efc, type: 3}
  m_Name: 
  m_EditorClassIdentifier: 
--- !u!114 &1909378807 stripped
MonoBehaviour:
  m_CorrespondingSourceObject: {fileID: 1248754637413212459, guid: 8c3770c8baf47c24ebd2efa57cd8e3bc,
    type: 3}
  m_PrefabInstance: {fileID: 4037443580134650352}
  m_PrefabAsset: {fileID: 0}
  m_GameObject: {fileID: 695506344}
  m_Enabled: 1
  m_EditorHideFlags: 0
  m_Script: {fileID: 11500000, guid: 67db9e8f0e2ae9c40bc1e2b64352a6b4, type: 3}
  m_Name: 
  m_EditorClassIdentifier: 
--- !u!114 &1969421717 stripped
MonoBehaviour:
  m_CorrespondingSourceObject: {fileID: 952254381379590679, guid: 6004cb2a17ddc1b4085a06c95b5d973b,
    type: 3}
  m_PrefabInstance: {fileID: 952254383302797186}
  m_PrefabAsset: {fileID: 0}
  m_GameObject: {fileID: 0}
  m_Enabled: 1
  m_EditorHideFlags: 0
  m_Script: {fileID: 11500000, guid: fd84765772ca9d2469acf69356264e82, type: 3}
  m_Name: 
  m_EditorClassIdentifier: 
--- !u!1001 &952254383302797186
PrefabInstance:
  m_ObjectHideFlags: 0
  serializedVersion: 2
  m_Modification:
    m_TransformParent: {fileID: 0}
    m_Modifications:
    - target: {fileID: 952254381379590675, guid: 6004cb2a17ddc1b4085a06c95b5d973b,
        type: 3}
      propertyPath: m_Name
      value: cloth
      objectReference: {fileID: 0}
    - target: {fileID: 952254381379590678, guid: 6004cb2a17ddc1b4085a06c95b5d973b,
        type: 3}
      propertyPath: m_LocalPosition.x
      value: -1.013
      objectReference: {fileID: 0}
    - target: {fileID: 952254381379590678, guid: 6004cb2a17ddc1b4085a06c95b5d973b,
        type: 3}
      propertyPath: m_LocalPosition.y
      value: 0.893
      objectReference: {fileID: 0}
    - target: {fileID: 952254381379590678, guid: 6004cb2a17ddc1b4085a06c95b5d973b,
        type: 3}
      propertyPath: m_LocalPosition.z
      value: 0
      objectReference: {fileID: 0}
    - target: {fileID: 952254381379590678, guid: 6004cb2a17ddc1b4085a06c95b5d973b,
        type: 3}
      propertyPath: m_LocalRotation.x
      value: 0
      objectReference: {fileID: 0}
    - target: {fileID: 952254381379590678, guid: 6004cb2a17ddc1b4085a06c95b5d973b,
        type: 3}
      propertyPath: m_LocalRotation.y
      value: 0
      objectReference: {fileID: 0}
    - target: {fileID: 952254381379590678, guid: 6004cb2a17ddc1b4085a06c95b5d973b,
        type: 3}
      propertyPath: m_LocalRotation.z
      value: 0
      objectReference: {fileID: 0}
    - target: {fileID: 952254381379590678, guid: 6004cb2a17ddc1b4085a06c95b5d973b,
        type: 3}
      propertyPath: m_LocalRotation.w
      value: 1
      objectReference: {fileID: 0}
    - target: {fileID: 952254381379590678, guid: 6004cb2a17ddc1b4085a06c95b5d973b,
        type: 3}
      propertyPath: m_RootOrder
      value: 2
      objectReference: {fileID: 0}
    - target: {fileID: 952254381379590678, guid: 6004cb2a17ddc1b4085a06c95b5d973b,
        type: 3}
      propertyPath: m_LocalEulerAnglesHint.x
      value: 0
      objectReference: {fileID: 0}
    - target: {fileID: 952254381379590678, guid: 6004cb2a17ddc1b4085a06c95b5d973b,
        type: 3}
      propertyPath: m_LocalEulerAnglesHint.y
      value: 0
      objectReference: {fileID: 0}
    - target: {fileID: 952254381379590678, guid: 6004cb2a17ddc1b4085a06c95b5d973b,
        type: 3}
      propertyPath: m_LocalEulerAnglesHint.z
      value: 0
      objectReference: {fileID: 0}
    m_RemovedComponents: []
  m_SourcePrefab: {fileID: 100100000, guid: 6004cb2a17ddc1b4085a06c95b5d973b, type: 3}
--- !u!1001 &1185098732734541138
PrefabInstance:
  m_ObjectHideFlags: 0
  serializedVersion: 2
  m_Modification:
    m_TransformParent: {fileID: 0}
    m_Modifications:
    - target: {fileID: 1185098732688891715, guid: c908e6343448d1e4a9fb34d8b49d186a,
        type: 3}
      propertyPath: zone
      value: 
      objectReference: {fileID: 1022258595}
    - target: {fileID: 1185098732688891715, guid: c908e6343448d1e4a9fb34d8b49d186a,
        type: 3}
      propertyPath: fxHolder
      value: 
      objectReference: {fileID: 0}
    - target: {fileID: 1185098732688891715, guid: c908e6343448d1e4a9fb34d8b49d186a,
        type: 3}
      propertyPath: circleImg
      value: 
      objectReference: {fileID: 1563709416}
    - target: {fileID: 1185098732688891715, guid: c908e6343448d1e4a9fb34d8b49d186a,
        type: 3}
      propertyPath: circle
      value: 
      objectReference: {fileID: 1909378807}
    - target: {fileID: 1185098732688891715, guid: c908e6343448d1e4a9fb34d8b49d186a,
        type: 3}
      propertyPath: slider_go
      value: 
      objectReference: {fileID: 695506344}
    - target: {fileID: 1185098732688891741, guid: c908e6343448d1e4a9fb34d8b49d186a,
        type: 3}
      propertyPath: m_LocalPosition.x
      value: 6.13
      objectReference: {fileID: 0}
    - target: {fileID: 1185098732688891741, guid: c908e6343448d1e4a9fb34d8b49d186a,
        type: 3}
      propertyPath: m_LocalPosition.y
      value: 0.83
      objectReference: {fileID: 0}
    - target: {fileID: 1185098732688891741, guid: c908e6343448d1e4a9fb34d8b49d186a,
        type: 3}
      propertyPath: m_LocalPosition.z
      value: 0
      objectReference: {fileID: 0}
    - target: {fileID: 1185098732688891741, guid: c908e6343448d1e4a9fb34d8b49d186a,
        type: 3}
      propertyPath: m_LocalRotation.x
      value: 0
      objectReference: {fileID: 0}
    - target: {fileID: 1185098732688891741, guid: c908e6343448d1e4a9fb34d8b49d186a,
        type: 3}
      propertyPath: m_LocalRotation.y
      value: 0
      objectReference: {fileID: 0}
    - target: {fileID: 1185098732688891741, guid: c908e6343448d1e4a9fb34d8b49d186a,
        type: 3}
      propertyPath: m_LocalRotation.z
      value: 0
      objectReference: {fileID: 0}
    - target: {fileID: 1185098732688891741, guid: c908e6343448d1e4a9fb34d8b49d186a,
        type: 3}
      propertyPath: m_LocalRotation.w
      value: 1
      objectReference: {fileID: 0}
    - target: {fileID: 1185098732688891741, guid: c908e6343448d1e4a9fb34d8b49d186a,
        type: 3}
      propertyPath: m_RootOrder
      value: 6
      objectReference: {fileID: 0}
    - target: {fileID: 1185098732688891741, guid: c908e6343448d1e4a9fb34d8b49d186a,
        type: 3}
      propertyPath: m_LocalEulerAnglesHint.x
      value: 0
      objectReference: {fileID: 0}
    - target: {fileID: 1185098732688891741, guid: c908e6343448d1e4a9fb34d8b49d186a,
        type: 3}
      propertyPath: m_LocalEulerAnglesHint.y
      value: 0
      objectReference: {fileID: 0}
    - target: {fileID: 1185098732688891741, guid: c908e6343448d1e4a9fb34d8b49d186a,
        type: 3}
      propertyPath: m_LocalEulerAnglesHint.z
      value: 0
      objectReference: {fileID: 0}
    - target: {fileID: 1185098732688891743, guid: c908e6343448d1e4a9fb34d8b49d186a,
        type: 3}
      propertyPath: m_Name
      value: Button
      objectReference: {fileID: 0}
    m_RemovedComponents: []
  m_SourcePrefab: {fileID: 100100000, guid: c908e6343448d1e4a9fb34d8b49d186a, type: 3}
--- !u!1001 &2044393606169443245
PrefabInstance:
  m_ObjectHideFlags: 0
  serializedVersion: 2
  m_Modification:
    m_TransformParent: {fileID: 0}
    m_Modifications:
    - target: {fileID: 2044393605759944900, guid: 984dbe8f5b9d38d41a380a53926a5319,
        type: 3}
      propertyPath: _clothsLevels.Array.data[0]
      value: 
      objectReference: {fileID: 1969421717}
    - target: {fileID: 2044393605759944900, guid: 984dbe8f5b9d38d41a380a53926a5319,
        type: 3}
      propertyPath: _clothsLevels.Array.data[1]
      value: 
      objectReference: {fileID: 698344887}
    - target: {fileID: 2044393605759944900, guid: 984dbe8f5b9d38d41a380a53926a5319,
        type: 3}
      propertyPath: _zone.Array.data[0]
      value: 
      objectReference: {fileID: 1022258599}
    - target: {fileID: 2044393605759944900, guid: 984dbe8f5b9d38d41a380a53926a5319,
        type: 3}
      propertyPath: _zone.Array.data[1]
      value: 
      objectReference: {fileID: 579959929}
    - target: {fileID: 2044393605759944900, guid: 984dbe8f5b9d38d41a380a53926a5319,
        type: 3}
      propertyPath: _PlayerLife
      value: 
      objectReference: {fileID: 1347575256}
    - target: {fileID: 2044393605759944901, guid: 984dbe8f5b9d38d41a380a53926a5319,
        type: 3}
      propertyPath: m_Name
      value: GameManager
      objectReference: {fileID: 0}
    - target: {fileID: 2044393605759944903, guid: 984dbe8f5b9d38d41a380a53926a5319,
        type: 3}
      propertyPath: m_LocalPosition.x
      value: 2.5544496
      objectReference: {fileID: 0}
    - target: {fileID: 2044393605759944903, guid: 984dbe8f5b9d38d41a380a53926a5319,
        type: 3}
      propertyPath: m_LocalPosition.y
      value: 2.2637434
      objectReference: {fileID: 0}
    - target: {fileID: 2044393605759944903, guid: 984dbe8f5b9d38d41a380a53926a5319,
        type: 3}
      propertyPath: m_LocalPosition.z
      value: -3.7207031
      objectReference: {fileID: 0}
    - target: {fileID: 2044393605759944903, guid: 984dbe8f5b9d38d41a380a53926a5319,
        type: 3}
      propertyPath: m_LocalRotation.x
      value: 0
      objectReference: {fileID: 0}
    - target: {fileID: 2044393605759944903, guid: 984dbe8f5b9d38d41a380a53926a5319,
        type: 3}
      propertyPath: m_LocalRotation.y
      value: 0
      objectReference: {fileID: 0}
    - target: {fileID: 2044393605759944903, guid: 984dbe8f5b9d38d41a380a53926a5319,
        type: 3}
      propertyPath: m_LocalRotation.z
      value: 0
      objectReference: {fileID: 0}
    - target: {fileID: 2044393605759944903, guid: 984dbe8f5b9d38d41a380a53926a5319,
        type: 3}
      propertyPath: m_LocalRotation.w
      value: 1
      objectReference: {fileID: 0}
    - target: {fileID: 2044393605759944903, guid: 984dbe8f5b9d38d41a380a53926a5319,
        type: 3}
      propertyPath: m_RootOrder
      value: 3
      objectReference: {fileID: 0}
    - target: {fileID: 2044393605759944903, guid: 984dbe8f5b9d38d41a380a53926a5319,
        type: 3}
      propertyPath: m_LocalEulerAnglesHint.x
      value: 0
      objectReference: {fileID: 0}
    - target: {fileID: 2044393605759944903, guid: 984dbe8f5b9d38d41a380a53926a5319,
        type: 3}
      propertyPath: m_LocalEulerAnglesHint.y
      value: 0
      objectReference: {fileID: 0}
    - target: {fileID: 2044393605759944903, guid: 984dbe8f5b9d38d41a380a53926a5319,
        type: 3}
      propertyPath: m_LocalEulerAnglesHint.z
      value: 0
      objectReference: {fileID: 0}
    m_RemovedComponents: []
  m_SourcePrefab: {fileID: 100100000, guid: 984dbe8f5b9d38d41a380a53926a5319, type: 3}
--- !u!1001 &4037443580134650352
PrefabInstance:
  m_ObjectHideFlags: 0
  serializedVersion: 2
  m_Modification:
    m_TransformParent: {fileID: 0}
    m_Modifications:
    - target: {fileID: 4037443578227718827, guid: 8c3770c8baf47c24ebd2efa57cd8e3bc,
        type: 3}
      propertyPath: m_Name
      value: Canvas_Ui
      objectReference: {fileID: 0}
    - target: {fileID: 4037443578227718831, guid: 8c3770c8baf47c24ebd2efa57cd8e3bc,
        type: 3}
      propertyPath: m_LocalPosition.x
      value: 0
      objectReference: {fileID: 0}
    - target: {fileID: 4037443578227718831, guid: 8c3770c8baf47c24ebd2efa57cd8e3bc,
        type: 3}
      propertyPath: m_LocalPosition.y
      value: 0
      objectReference: {fileID: 0}
    - target: {fileID: 4037443578227718831, guid: 8c3770c8baf47c24ebd2efa57cd8e3bc,
        type: 3}
      propertyPath: m_LocalPosition.z
      value: 0
      objectReference: {fileID: 0}
    - target: {fileID: 4037443578227718831, guid: 8c3770c8baf47c24ebd2efa57cd8e3bc,
        type: 3}
      propertyPath: m_LocalRotation.x
      value: 0
      objectReference: {fileID: 0}
    - target: {fileID: 4037443578227718831, guid: 8c3770c8baf47c24ebd2efa57cd8e3bc,
        type: 3}
      propertyPath: m_LocalRotation.y
      value: 0
      objectReference: {fileID: 0}
    - target: {fileID: 4037443578227718831, guid: 8c3770c8baf47c24ebd2efa57cd8e3bc,
        type: 3}
      propertyPath: m_LocalRotation.z
      value: 0
      objectReference: {fileID: 0}
    - target: {fileID: 4037443578227718831, guid: 8c3770c8baf47c24ebd2efa57cd8e3bc,
        type: 3}
      propertyPath: m_LocalRotation.w
      value: 1
      objectReference: {fileID: 0}
    - target: {fileID: 4037443578227718831, guid: 8c3770c8baf47c24ebd2efa57cd8e3bc,
        type: 3}
      propertyPath: m_RootOrder
      value: 8
      objectReference: {fileID: 0}
    - target: {fileID: 4037443578227718831, guid: 8c3770c8baf47c24ebd2efa57cd8e3bc,
        type: 3}
      propertyPath: m_LocalEulerAnglesHint.x
      value: 0
      objectReference: {fileID: 0}
    - target: {fileID: 4037443578227718831, guid: 8c3770c8baf47c24ebd2efa57cd8e3bc,
        type: 3}
      propertyPath: m_LocalEulerAnglesHint.y
      value: 0
      objectReference: {fileID: 0}
    - target: {fileID: 4037443578227718831, guid: 8c3770c8baf47c24ebd2efa57cd8e3bc,
        type: 3}
      propertyPath: m_LocalEulerAnglesHint.z
      value: 0
      objectReference: {fileID: 0}
    - target: {fileID: 4037443578227718831, guid: 8c3770c8baf47c24ebd2efa57cd8e3bc,
        type: 3}
      propertyPath: m_AnchoredPosition.x
      value: 0
      objectReference: {fileID: 0}
    - target: {fileID: 4037443578227718831, guid: 8c3770c8baf47c24ebd2efa57cd8e3bc,
        type: 3}
      propertyPath: m_AnchoredPosition.y
      value: 0
      objectReference: {fileID: 0}
    - target: {fileID: 4037443578227718831, guid: 8c3770c8baf47c24ebd2efa57cd8e3bc,
        type: 3}
      propertyPath: m_SizeDelta.x
      value: 0
      objectReference: {fileID: 0}
    - target: {fileID: 4037443578227718831, guid: 8c3770c8baf47c24ebd2efa57cd8e3bc,
        type: 3}
      propertyPath: m_SizeDelta.y
      value: 0
      objectReference: {fileID: 0}
    - target: {fileID: 4037443578227718831, guid: 8c3770c8baf47c24ebd2efa57cd8e3bc,
        type: 3}
      propertyPath: m_AnchorMin.x
      value: 0
      objectReference: {fileID: 0}
    - target: {fileID: 4037443578227718831, guid: 8c3770c8baf47c24ebd2efa57cd8e3bc,
        type: 3}
      propertyPath: m_AnchorMin.y
      value: 0
      objectReference: {fileID: 0}
    - target: {fileID: 4037443578227718831, guid: 8c3770c8baf47c24ebd2efa57cd8e3bc,
        type: 3}
      propertyPath: m_AnchorMax.x
      value: 0
      objectReference: {fileID: 0}
    - target: {fileID: 4037443578227718831, guid: 8c3770c8baf47c24ebd2efa57cd8e3bc,
        type: 3}
      propertyPath: m_AnchorMax.y
      value: 0
      objectReference: {fileID: 0}
    - target: {fileID: 4037443578227718831, guid: 8c3770c8baf47c24ebd2efa57cd8e3bc,
        type: 3}
      propertyPath: m_Pivot.x
      value: 0
      objectReference: {fileID: 0}
    - target: {fileID: 4037443578227718831, guid: 8c3770c8baf47c24ebd2efa57cd8e3bc,
        type: 3}
      propertyPath: m_Pivot.y
      value: 0
      objectReference: {fileID: 0}
    m_RemovedComponents: []
  m_SourcePrefab: {fileID: 100100000, guid: 8c3770c8baf47c24ebd2efa57cd8e3bc, type: 3}
--- !u!1001 &4067538295154695679
PrefabInstance:
  m_ObjectHideFlags: 0
  serializedVersion: 2
  m_Modification:
    m_TransformParent: {fileID: 0}
    m_Modifications:
    - target: {fileID: 4067538295340413017, guid: 63c868acbe902d14a9fe45b70842db3e,
        type: 3}
      propertyPath: m_LocalPosition.x
      value: 4.62
      objectReference: {fileID: 0}
    - target: {fileID: 4067538295340413017, guid: 63c868acbe902d14a9fe45b70842db3e,
        type: 3}
      propertyPath: m_LocalPosition.y
      value: 1.55
      objectReference: {fileID: 0}
    - target: {fileID: 4067538295340413017, guid: 63c868acbe902d14a9fe45b70842db3e,
        type: 3}
      propertyPath: m_LocalPosition.z
      value: 0
      objectReference: {fileID: 0}
    - target: {fileID: 4067538295340413017, guid: 63c868acbe902d14a9fe45b70842db3e,
        type: 3}
      propertyPath: m_LocalRotation.x
      value: 0
      objectReference: {fileID: 0}
    - target: {fileID: 4067538295340413017, guid: 63c868acbe902d14a9fe45b70842db3e,
        type: 3}
      propertyPath: m_LocalRotation.y
      value: 0
      objectReference: {fileID: 0}
    - target: {fileID: 4067538295340413017, guid: 63c868acbe902d14a9fe45b70842db3e,
        type: 3}
      propertyPath: m_LocalRotation.z
      value: 0
      objectReference: {fileID: 0}
    - target: {fileID: 4067538295340413017, guid: 63c868acbe902d14a9fe45b70842db3e,
        type: 3}
      propertyPath: m_LocalRotation.w
      value: 1
      objectReference: {fileID: 0}
    - target: {fileID: 4067538295340413017, guid: 63c868acbe902d14a9fe45b70842db3e,
        type: 3}
      propertyPath: m_RootOrder
      value: 1
      objectReference: {fileID: 0}
    - target: {fileID: 4067538295340413017, guid: 63c868acbe902d14a9fe45b70842db3e,
        type: 3}
      propertyPath: m_LocalEulerAnglesHint.x
      value: 0
      objectReference: {fileID: 0}
    - target: {fileID: 4067538295340413017, guid: 63c868acbe902d14a9fe45b70842db3e,
        type: 3}
      propertyPath: m_LocalEulerAnglesHint.y
      value: 0
      objectReference: {fileID: 0}
    - target: {fileID: 4067538295340413017, guid: 63c868acbe902d14a9fe45b70842db3e,
        type: 3}
      propertyPath: m_LocalEulerAnglesHint.z
      value: 0
      objectReference: {fileID: 0}
    - target: {fileID: 4067538295340413018, guid: 63c868acbe902d14a9fe45b70842db3e,
        type: 3}
      propertyPath: m_Color.a
      value: 1
      objectReference: {fileID: 0}
    - target: {fileID: 4067538295340413020, guid: 63c868acbe902d14a9fe45b70842db3e,
        type: 3}
      propertyPath: m_Name
      value: zone
      objectReference: {fileID: 0}
    m_RemovedComponents: []
  m_SourcePrefab: {fileID: 100100000, guid: 63c868acbe902d14a9fe45b70842db3e, type: 3}
--- !u!1001 &5225838527445474532
PrefabInstance:
  m_ObjectHideFlags: 0
  serializedVersion: 2
  m_Modification:
    m_TransformParent: {fileID: 0}
    m_Modifications:
    - target: {fileID: 5225838526098194738, guid: 06188e2267bd11e4bbfdba9ddd8e6e29,
        type: 3}
      propertyPath: m_SpriteTilingProperty.border.x
      value: 0
      objectReference: {fileID: 0}
    - target: {fileID: 5225838526098194738, guid: 06188e2267bd11e4bbfdba9ddd8e6e29,
        type: 3}
      propertyPath: m_SpriteTilingProperty.border.y
      value: 0
      objectReference: {fileID: 0}
    - target: {fileID: 5225838526098194738, guid: 06188e2267bd11e4bbfdba9ddd8e6e29,
        type: 3}
      propertyPath: m_SpriteTilingProperty.border.z
      value: 0
      objectReference: {fileID: 0}
    - target: {fileID: 5225838526098194738, guid: 06188e2267bd11e4bbfdba9ddd8e6e29,
        type: 3}
      propertyPath: m_SpriteTilingProperty.border.w
      value: 0
      objectReference: {fileID: 0}
    - target: {fileID: 5225838526098194738, guid: 06188e2267bd11e4bbfdba9ddd8e6e29,
        type: 3}
      propertyPath: m_SpriteTilingProperty.oldSize.x
      value: 0.265625
      objectReference: {fileID: 0}
    - target: {fileID: 5225838526098194738, guid: 06188e2267bd11e4bbfdba9ddd8e6e29,
        type: 3}
      propertyPath: m_SpriteTilingProperty.oldSize.y
      value: 0.53125
      objectReference: {fileID: 0}
    - target: {fileID: 5225838526098194741, guid: 06188e2267bd11e4bbfdba9ddd8e6e29,
        type: 3}
      propertyPath: m_Name
      value: Player
      objectReference: {fileID: 0}
    - target: {fileID: 5225838526098194742, guid: 06188e2267bd11e4bbfdba9ddd8e6e29,
        type: 3}
      propertyPath: m_Sprite
      value: 
      objectReference: {fileID: 21300000, guid: c7886e838979f3344b02f3d01167c43c,
        type: 3}
    - target: {fileID: 5225838526098194742, guid: 06188e2267bd11e4bbfdba9ddd8e6e29,
        type: 3}
      propertyPath: m_Color.r
      value: 0.1745283
      objectReference: {fileID: 0}
    - target: {fileID: 5225838526098194742, guid: 06188e2267bd11e4bbfdba9ddd8e6e29,
        type: 3}
      propertyPath: m_Color.g
      value: 0.1899045
      objectReference: {fileID: 0}
    - target: {fileID: 5225838526098194742, guid: 06188e2267bd11e4bbfdba9ddd8e6e29,
        type: 3}
      propertyPath: m_Color.b
      value: 1
      objectReference: {fileID: 0}
    - target: {fileID: 5225838526098194743, guid: 06188e2267bd11e4bbfdba9ddd8e6e29,
        type: 3}
      propertyPath: m_LocalPosition.x
      value: -0.28942868
      objectReference: {fileID: 0}
    - target: {fileID: 5225838526098194743, guid: 06188e2267bd11e4bbfdba9ddd8e6e29,
        type: 3}
      propertyPath: m_LocalPosition.y
      value: -2.25
      objectReference: {fileID: 0}
    - target: {fileID: 5225838526098194743, guid: 06188e2267bd11e4bbfdba9ddd8e6e29,
        type: 3}
      propertyPath: m_LocalPosition.z
      value: -1.6308594
      objectReference: {fileID: 0}
    - target: {fileID: 5225838526098194743, guid: 06188e2267bd11e4bbfdba9ddd8e6e29,
        type: 3}
      propertyPath: m_LocalRotation.x
      value: 0
      objectReference: {fileID: 0}
    - target: {fileID: 5225838526098194743, guid: 06188e2267bd11e4bbfdba9ddd8e6e29,
        type: 3}
      propertyPath: m_LocalRotation.y
      value: 0
      objectReference: {fileID: 0}
    - target: {fileID: 5225838526098194743, guid: 06188e2267bd11e4bbfdba9ddd8e6e29,
        type: 3}
      propertyPath: m_LocalRotation.z
      value: 0
      objectReference: {fileID: 0}
    - target: {fileID: 5225838526098194743, guid: 06188e2267bd11e4bbfdba9ddd8e6e29,
        type: 3}
      propertyPath: m_LocalRotation.w
      value: 1
      objectReference: {fileID: 0}
    - target: {fileID: 5225838526098194743, guid: 06188e2267bd11e4bbfdba9ddd8e6e29,
        type: 3}
      propertyPath: m_RootOrder
      value: 0
      objectReference: {fileID: 0}
    - target: {fileID: 5225838526098194743, guid: 06188e2267bd11e4bbfdba9ddd8e6e29,
        type: 3}
      propertyPath: m_LocalEulerAnglesHint.x
      value: 0
      objectReference: {fileID: 0}
    - target: {fileID: 5225838526098194743, guid: 06188e2267bd11e4bbfdba9ddd8e6e29,
        type: 3}
      propertyPath: m_LocalEulerAnglesHint.y
      value: 0
      objectReference: {fileID: 0}
    - target: {fileID: 5225838526098194743, guid: 06188e2267bd11e4bbfdba9ddd8e6e29,
        type: 3}
      propertyPath: m_LocalEulerAnglesHint.z
      value: 0
      objectReference: {fileID: 0}
    - target: {fileID: 5225838526098194743, guid: 06188e2267bd11e4bbfdba9ddd8e6e29,
        type: 3}
      propertyPath: m_LocalScale.x
      value: 1
      objectReference: {fileID: 0}
    - target: {fileID: 5225838526098194743, guid: 06188e2267bd11e4bbfdba9ddd8e6e29,
        type: 3}
      propertyPath: m_LocalScale.y
      value: 1
      objectReference: {fileID: 0}
    - target: {fileID: 5225838526098194743, guid: 06188e2267bd11e4bbfdba9ddd8e6e29,
        type: 3}
      propertyPath: m_LocalScale.z
      value: 1
      objectReference: {fileID: 0}
    m_RemovedComponents: []
  m_SourcePrefab: {fileID: 100100000, guid: 06188e2267bd11e4bbfdba9ddd8e6e29, type: 3}
--- !u!1001 &6676065274278033210
PrefabInstance:
  m_ObjectHideFlags: 0
  serializedVersion: 2
  m_Modification:
    m_TransformParent: {fileID: 0}
    m_Modifications:
    - target: {fileID: 6676065273656039924, guid: f14af95d99c245c41a3d2748ec218b5d,
        type: 3}
      propertyPath: m_LocalPosition.x
      value: -2.706
      objectReference: {fileID: 0}
    - target: {fileID: 6676065273656039924, guid: f14af95d99c245c41a3d2748ec218b5d,
        type: 3}
      propertyPath: m_LocalPosition.y
      value: -2.1373215
      objectReference: {fileID: 0}
    - target: {fileID: 6676065273656039924, guid: f14af95d99c245c41a3d2748ec218b5d,
        type: 3}
      propertyPath: m_LocalPosition.z
      value: -1.935284
      objectReference: {fileID: 0}
    - target: {fileID: 6676065273656039924, guid: f14af95d99c245c41a3d2748ec218b5d,
        type: 3}
      propertyPath: m_LocalRotation.x
      value: 0
      objectReference: {fileID: 0}
    - target: {fileID: 6676065273656039924, guid: f14af95d99c245c41a3d2748ec218b5d,
        type: 3}
      propertyPath: m_LocalRotation.y
      value: 0
      objectReference: {fileID: 0}
    - target: {fileID: 6676065273656039924, guid: f14af95d99c245c41a3d2748ec218b5d,
        type: 3}
      propertyPath: m_LocalRotation.z
      value: 0
      objectReference: {fileID: 0}
    - target: {fileID: 6676065273656039924, guid: f14af95d99c245c41a3d2748ec218b5d,
        type: 3}
      propertyPath: m_LocalRotation.w
      value: 1
      objectReference: {fileID: 0}
    - target: {fileID: 6676065273656039924, guid: f14af95d99c245c41a3d2748ec218b5d,
        type: 3}
      propertyPath: m_RootOrder
      value: 7
      objectReference: {fileID: 0}
    - target: {fileID: 6676065273656039924, guid: f14af95d99c245c41a3d2748ec218b5d,
        type: 3}
      propertyPath: m_LocalEulerAnglesHint.x
      value: 0
      objectReference: {fileID: 0}
    - target: {fileID: 6676065273656039924, guid: f14af95d99c245c41a3d2748ec218b5d,
        type: 3}
      propertyPath: m_LocalEulerAnglesHint.y
      value: 0
      objectReference: {fileID: 0}
    - target: {fileID: 6676065273656039924, guid: f14af95d99c245c41a3d2748ec218b5d,
        type: 3}
      propertyPath: m_LocalEulerAnglesHint.z
      value: 0
      objectReference: {fileID: 0}
    - target: {fileID: 6676065273656039926, guid: f14af95d99c245c41a3d2748ec218b5d,
        type: 3}
      propertyPath: m_Name
      value: armoire
      objectReference: {fileID: 0}
    m_RemovedComponents: []
  m_SourcePrefab: {fileID: 100100000, guid: f14af95d99c245c41a3d2748ec218b5d, type: 3}
